\selectlanguage{Danish}
@book{SA:2013,
author = {Silberschatz, Abraham and Galvin, Peter Baer and Gagne, Greg},
title = {Operating system concepts},
year = {2013},
edition = {$9^{th}$},
publisher = {John Wiley \& Sons}
}
 
